@book{garciasaraviaortizdemontellano_2023_the,
  author = {Garcia-Saravia Ortiz-de-Montellano, Cris },
  edition = {4.1},
  month = {06},
  pages = {4},
  publisher = {Maastricht University},
  title = {The CIRCULAR pathway},
  year = {2023}
}

